@Misc{Ford16,
 author = {Bryan Ford},
 title = {Apple, {FBI}, and Software Transparency},
 year = {2016},
 howpublished = {\url{http://bford.info/2016/03/10/apple/}},
 note = {Accessed: June~7, 2019},
}

